<record><leader>00000cas a22000007a 4500</leader><controlfield tag="001">10214643</controlfield><controlfield tag="008">831213d183518uupaudn ne      0   a0eng  </controlfield><datafield ind1=" " ind2=" " tag="010"><subfield code="a">sn 83032140 </subfield></datafield><datafield ind1=" " ind2=" " tag="040"><subfield code="a">NPU</subfield><subfield code="b">eng</subfield><subfield code="c">NPU</subfield><subfield code="d">DLC</subfield><subfield code="d">NPX</subfield><subfield code="d">NPH</subfield><subfield code="d">HUL</subfield><subfield code="d">DLC</subfield></datafield><datafield ind1="0" ind2=" " tag="022"><subfield code="a">2472-9949</subfield><subfield code="2">1</subfield></datafield><datafield ind1=" " ind2=" " tag="042"><subfield code="a">msc</subfield><subfield code="a">nsdp</subfield></datafield><datafield ind1="0" ind2="0" tag="050"><subfield code="a">Newspaper 9443</subfield></datafield><datafield ind1="1" ind2="0" tag="082"><subfield code="a">071</subfield><subfield code="2">23</subfield></datafield><datafield ind1="0" ind2=" " tag="130"><subfield code="a">Daily Pennsylvania telegraph (Harrisburg, Pa. : 1835)</subfield></datafield><datafield ind1=" " ind2="0" tag="222"><subfield code="a">Daily Pennsylvania telegraph</subfield><subfield code="b">(Harrisburg, Pa. 1835)</subfield></datafield><datafield ind1="0" ind2="0" tag="245"><subfield code="a">Daily Pennsylvania telegraph.</subfield></datafield><datafield ind1="1" ind2="3" tag="246"><subfield code="a">Daily telegraph</subfield></datafield><datafield ind1=" " ind2=" " tag="260"><subfield code="a">Harrisburg, Pa. :</subfield><subfield code="b">Theo. Fenn,</subfield><subfield code="c">1835-</subfield></datafield><datafield ind1=" " ind2=" " tag="300"><subfield code="a">v. ;</subfield><subfield code="c">45 cm.</subfield></datafield><datafield ind1=" " ind2=" " tag="310"><subfield code="a">Daily (except Sun.)</subfield></datafield><datafield ind1="0" ind2=" " tag="362"><subfield code="a">Vol. 1, no. 1 (Dec. 14, 1835)-</subfield></datafield><datafield ind1=" " ind2=" " tag="500"><subfield code="a">Published only during sessions of the state legislature.</subfield></datafield><datafield ind1=" " ind2=" " tag="500"><subfield code="a">Continues a triweekly ed. (title unknown).</subfield></datafield><datafield ind1=" " ind2=" " tag="500"><subfield code="a">"Democratic Anti-Masonic," 1835-&lt;1836&gt;.</subfield></datafield><datafield ind1=" " ind2=" " tag="515"><subfield code="a">Not issued: Dec. 16-18, 21, 23-25, 28-30, 1835; Jan. 1-2, Apr. 1, 1836.</subfield></datafield><datafield ind1=" " ind2=" " tag="580"><subfield code="a">Also issued in weekly ed.: Pennsylvania telegraph (Harrisburg, Pa. : 1831).</subfield></datafield><datafield ind1=" " ind2=" " tag="752"><subfield code="a">United States</subfield><subfield code="b">Pennsylvania</subfield><subfield code="c">Dauphin</subfield><subfield code="d">Harrisburg.</subfield></datafield><datafield ind1="1" ind2=" " tag="775"><subfield code="t">Pennsylvania telegraph (Harrisburg, Pa. : 1831)</subfield><subfield code="x">2472-9922</subfield><subfield code="w">(DLC)sn 83032134</subfield><subfield code="w">(OCoLC)10214475</subfield></datafield><datafield ind1="1" ind2=" " tag="029"><subfield code="a">AU@</subfield><subfield code="b">000025835279</subfield></datafield></record>